@online{simon_github,
	author = {Simon D. Levy},
	title = {Github simondlevy},
	url = {https://github.com/simondlevy},
	year = {2019},
}

@online{mlagents_github,
	author = {Juliani, A.},
	title = {Unity: A General Platform for Intelligent Agents},
	url = {https://github.com/Unity-Technologies/ml-agents},
	organization = {Unity},
	year = {2018},
}

@report{subsumption_architecture,
	author = {Rodney Brooks},
	title = {A robust layered control system for a mobile robot},
	url = {apps.dtic.mil/dtic/tr/fulltext/u2/a160833.pdf},
	year = {1985},
}

@online{pyquadsim,
	author = {Simon Levy},
	title = {PyQuadSim: A Python Quadrotor Simulator},
	url = {https://www.youtube.com/watch?v=oQejljPA6ys},
	year = {2014},
}
