@Book{barnes:2012:objectsfirst,
  title=         {Objects First with Java: A Practical Introduction Using BlueJ},
  author = 	 {Barnes, D.J. and K{\"o}lling, M.},
  publisher = 	 {Prentice Hall / Pearson Education},
  year = 	 {2012},
  isbn      =    {978-013-283554-1},
  url =          {http://www.bluej.org/objects-first/},
}


@Book{barnes:2012:programmeren,
  title = 	 {Programmeren in Java met BlueJ 5e.},
  author = 	 {Barnes, D.J. and K{\"o}lling, M.},
  publisher = 	 {Pearson Education Benelux},
  year = 	 {2012},
  url =          {http://www.pearsoneducation.nl/product.asp?isbn=9789043023894&cat=highC},
  isbn =         {9789043023894},
  translator =   {Coolsaet, Kirs},
}

@Book{barnes:2013:lernen,
  title=         {Java lernen mit BlueJ: Eine Einf√ºhrung in die objektorientierte Programmierung},
  year =         {2013},
  author = 	 {Barnes, D.J. and K{\"o}lling, M.},
  publisher =    {Pearson Deutschland GmbH}, 
  url  =         {https://www.pearson-studium.de/java-lernen-mit-bluej.html},
  translator =   {Alm, Petra},
  isbn =         {978-3-8632-6957-9},
}
