@misc{RadioBlan,
  author        = {Website},
  howpublished  = {http://people.zeelandnet.nl/wgeeraert/drblan.htm},
  title         = {Tijdschrift Dr. Blan.},
}

@misc{Jampot1,
  author        = {Website},
  howpublished  = {http://people.zeelandnet.nl/wgeeraert/radio12.htm},
  title         = {Jampot ontvanger passief.},
}

@misc{Jampot2,
  author        = {Website},
  howpublished  = {http://people.zeelandnet.nl/wgeeraert/radio14.htm},
  title         = {Jampot senior ontvanger},
}
