@misc{simon_github,
	author = {Simon Levy},
	title = {Github simondlevy},
	url = {github.com/simondlevy},
	year = {2019},
}

@misc{mlagents_github,
	author = {Juliani, A.},
	title = {Unity: A General Platform for Intelligent Agents},
	url = {github.com/Unity-Technologies/ml-agents},
	organization = {Unity},
	publisher = {Github},
	year = {2018},
}

@misc{pyquadsim,
	author = {Simon Levy},
	title = {PyQuadSim: A Python Quadrotor Simulator},
	url = {www.youtube.com/watch?v=oQejljPA6ys},
	year = {2014},
}

@misc{subsumption_architecture,
	author = {Rodney Brooks},
	title = {A robust layered control system for a mobile robot},
	url = {apps.dtic.mil/dtic/tr/fulltext/u2/a160833.pdf},
	year = {1985},
}

@misc{mdqns,
	author = {Tomasz Tajmajer},
	title = {Multi-Objective Deep Q-Learning with
	Subsumption Architecture},
	institution = {University of Warsaw},
	url = {arxiv.org/pdf/1704.06676v1.pdf},
	year = {2017},
}

@misc{ssd,
	author = {Wei Liu and Dragomir Anguelov and Dumitru Erhan and Christian Szegedy and Scott Reed and Cheng-Yang Fu and Alexander Berg},
	title = {SSD: Single Shot MultiBox Detector},
	url = {arxiv.org/pdf/1512.02325.pdf},
	year = {2016},
}

@misc{matterport,
	title={Mask R-CNN for object detection and instance segmentation on Keras and TensorFlow},
	author={Waleed Abdulla},
	year={2017},
	publisher={Github},
	journal={GitHub repository},
	url ={github.com/matterport/Mask\_RCNN},
}

@misc{mask_cnn,
	author = {Kaiming He and Georgia Gkioxari and Piotr Doll\'ar and Ross Girshick},
	title = {Mask R-CNN},
	year = {2018},
	url = {arxiv.org/pdf/1703.06870.pdf}
}

@misc{faster_rcnn,
	author = {Shaoqing Ren and Kaiming He and Ross Girshick and Jian Sun},
	title = {Faster R-CNN: Towards Real-Time Object
	Detection with Region Proposal Networks},
	year = {2016},
	url = {arxiv.org/pdf/1506.01497.pdf},
}

@misc{mlagents_blog,
	author = {Arthur Juliani},
	title = {Introducing: Unity Machine Learning Agents Toolkit},
	url = {blogs.unity3d.com/2017/09/19/introducing-unity-machine-learning-agents},
	year = {2017},
}

@misc{mlagents_paper,
	author = {Arthur Juliani and Vincent-Pierre Berges and Esh Vckay and Yuan Gao and Hunter Henry and Marwan Mattar and Danny Lange},
	title = {Unity: A General Platform for Intelligent Agents},
	url = {arxiv.org/pdf/1809.02627.pdf},
	year = {2018}
}

@misc{ai_flight,
	author = {Adam Kelly},
	title = {AI Flight with Unity ML-Agents},
	url = {www.youtube.com/watch?v=vkFhp30XzGk},
	year = {2019},
}

@misc{imitation_learning,
	author = {Arthur Juliani and Vladimir Oster},
	title = {Democratize machine learning: ML-Agents explained - Unite LA},
	url = {youtu.be/OTMlElDuN3k?t=645},
	year = {2018},
}

@misc{tello_openpose,
	author = {{Geaxgx}},
	title = {Tello-openpose},
	url = {github.com/geaxgx/tello-openpose},
	year = {2019},
	publisher = {Github}
}

@misc{opencv,
	author = {{OpenCV Team}},
	title = {About OpenCV},
	url = {opencv.org/about/},
	year = {2019},
}

@misc{transitions,
	author = {Tal Yarkoni},
	title = {Transitions},
	url = {github.com/pytransitions/transitions},
	year = {2019},
	publisher = {Github}
}

@misc{houghLinesP,
	author = {{OpenCV Team}},
	title = {Hough Line Transform},
	year = {n.d.},
	url = {docs.opencv.org/3.4.9/d9/db0/tutorial\_hough\_lines.html},
}

@misc{tellopy,
	author = {{Hanyazou}},
	title = {Tellopy},
	year = {2018},
	url = {github.com/hanyazou/TelloPy},
	publisher = {Github},
}

@misc{ai_def,
	author = {{Lexico}},
	title = {Definition of "Artificial Intelligence"},
	url = {www.lexico.com/definition/artificial\_intelligence},
	year = {n.d.},
}

@misc{cbs,
	author = {{CBS}},
	title = {Meer arbeidsongevallen met vier of meer dagen verzuim},
	year = {2018},
	url = {www.cbs.nl/nl-nl/nieuws/2018/29/meer-arbeidsongevallen-met-vier-of-meer-dagen-verzuim},
	language = {Dutch},
}

@misc{mit_rl,
	author = {Lex Fridman},
	organization = {Massachusetts Institute of Technology},
	title = {MIT 6.S091: Introduction to Deep Reinforcement Learning (Deep RL)},
	year = {2019},
	url = {www.youtube.com/watch?v=zR11FLZ-O9M\&t=845s},
	publisher = {YouTube}
}

@misc{rlblogpost,
	title={Deep Reinforcement Learning Doesn't Work Yet},
	author={Irpan, Alex},
	url={www.alexirpan.com/2018/02/14/rl-hard.html},
	year={2018}
}

@misc{hideandseek,
	author = {
	Bowen Baker and Ingmar Kanitscheider and Todor Markov and Yi Wu and Glenn Powell and Bob McGrew and Igor Mordatch},
	title = {Emergent Tool Use from
	Multi-Agent Interaction},
	year = {2019},
	url = {openai.com/blog/emergent-tool-use/},
}

@misc{tello,
	author = {{Ryze Robotics}},
	title = {Tello},
	year = {n.d.},
	url = {www.ryzerobotics.com/tello?from=store-product-page},
}


