@misc{tello,
	author = {{Ryze Robotics}},
	title = {Tello user manual},
	url = {dl-cdn.ryzerobotics.com/downloads/Tello/20180212/Tello+User+Manual+v1.0\_EN\_2.12.pdf},
	year = {2018},
}

@misc{opencv,
	author = {{OpenCV Team}},
	title = {About OpenCV},
	url = {https://opencv.org/about/},
	year = {2019},
}

@misc{av,
	author = {Mike Boers},
	title = {PyAV},
	year = {2019},
	publisher = {Github},
	url = {github.com/mikeboers/PyAV},
}

@misc{tellopy,
	author = {Hanyazou},
	title = {TelloPy},
	publisher = {Github},
	url = {github.com/hanyazou/TelloPy},
	year = {2018}
}

@misc{pid,
	author = {Martin Lundberg},
	title = {Simple-pid},
	publisher = {Github},
	url = {github.com/m-lundberg/simple-pid},
	year = {2019},
}

@misc{pynput,
	author = {moses-palmer},
	title = {Pynput},
	publisher = {Github},
	url = {github.com/moses-palmer/pynput},
	year = {2019},
}

@misc{subsumption_architecture,
	author = {Rodney Brooks},
	title = {A robust layered control system for a mobile robot},
	url = {apps.dtic.mil/dtic/tr/fulltext/u2/a160833.pdf},
	year = {1985},
}

@misc{pyquadsim,
	author = {Simon Levy},
	title = {PyQuadSim: A Python Quadrotor Simulator},
	url = {https://www.youtube.com/watch?v=oQejljPA6ys},
	year = {2014},
}
