@misc{About_OpenCv,
	title = {About OpenCV},
	year = {2019},
	url = {opencv.org/about/},
}

@misc{About_Seacon,
	title = {About Seacon},
	year = {2019},
	url = {https://www.seaconlogistics.com/en/about-seacon},
}
